@inproceedings{Bouton2019Cooperation-AwareTraffic,
    title = {{Cooperation-Aware Reinforcement Learning for Merging in Dense Traffic}},
    year = {2019},
    booktitle = {2019 IEEE Intelligent Transportation Systems Conference, ITSC 2019},
    author = {Bouton, Maxime and Nakhaei, Alireza and Fujimura, Kikuo and Kochenderfer, Mykel J.},
    isbn = {9781538670248},
    doi = {10.1109/ITSC.2019.8916924},
    arxivId = {1906.11021}
}